<record><leader>00000cas a22000007a 4500</leader><controlfield tag="001">13449922</controlfield><controlfield tag="008">860417d189u189uinuwr ne      0    0eng d</controlfield><datafield ind1=" " ind2=" " tag="010"><subfield code="a">sn 86058470 </subfield></datafield><datafield ind1=" " ind2=" " tag="040"><subfield code="a">NPI</subfield><subfield code="b">eng</subfield><subfield code="c">NPI</subfield><subfield code="d">OCLCQ</subfield></datafield><datafield ind1=" " ind2=" " tag="042"><subfield code="a">msc</subfield></datafield><datafield ind1="0" ind2="4" tag="245"><subfield code="a">The Mitchell commercial and Lawrence County news.</subfield></datafield><datafield ind1=" " ind2=" " tag="260"><subfield code="a">Mitchell, Lawrence County, Ind. :</subfield><subfield code="b">E.L. Lee</subfield></datafield><datafield ind1=" " ind2=" " tag="300"><subfield code="a">v. :</subfield><subfield code="b">ill. (chiefly advertisements) ;</subfield><subfield code="c">60 cm.</subfield></datafield><datafield ind1=" " ind2=" " tag="310"><subfield code="a">Weekly</subfield></datafield><datafield ind1="1" ind2=" " tag="362"><subfield code="a">Began between Dec. 3, 1891 and Apr. 7, 1892.</subfield></datafield><datafield ind1="1" ind2=" " tag="362"><subfield code="a">Ceased around 1892.</subfield><subfield code="z">Cf. Miller, John W. Indiana newspaper bibliog.</subfield></datafield><datafield ind1=" " ind2=" " tag="588"><subfield code="a">Description based on: Vol. 27, no. 14 (Apr. 7, 1892).</subfield></datafield><datafield ind1=" " ind2=" " tag="752"><subfield code="a">United States</subfield><subfield code="b">Indiana</subfield><subfield code="c">Lawrence</subfield><subfield code="d">Mitchell.</subfield></datafield><datafield ind1="0" ind2="4" tag="780"><subfield code="t">Mitchell commercial (Mitchell, Ind. : 1866)</subfield><subfield code="w">(DLC)sn 84037952</subfield></datafield><datafield ind1="0" ind2="4" tag="780"><subfield code="t">Lawrence County news (Mitchell, Ind.)</subfield><subfield code="w">(DLC)sn 86058471</subfield></datafield><datafield ind1="0" ind2="0" tag="785"><subfield code="t">Mitchell commercial (Mitchell, Ind. : 1896)</subfield><subfield code="w">(DLC)sn 84045470</subfield></datafield></record>